<record><leader>00000cas a22000007a 4500</leader><controlfield tag="001">26921513</controlfield><controlfield tag="008">921105d1896191ucauwr ne      0    0por d</controlfield><datafield ind1=" " ind2=" " tag="010"><subfield code="a">sn 92069491 </subfield></datafield><datafield ind1=" " ind2=" " tag="040"><subfield code="a">CUY</subfield><subfield code="b">eng</subfield><subfield code="c">CNK</subfield><subfield code="d">MGN</subfield><subfield code="d">CNK</subfield><subfield code="d">OCL</subfield><subfield code="d">OCLCQ</subfield><subfield code="d">OCLCF</subfield><subfield code="d">OCLCO</subfield></datafield><datafield ind1="1" ind2=" " tag="029"><subfield code="a">AU@</subfield><subfield code="b">000020726298</subfield></datafield><datafield ind1=" " ind2=" " tag="042"><subfield code="a">msc</subfield></datafield><datafield ind1=" " ind2=" " tag="043"><subfield code="a">n-us-ca</subfield></datafield><datafield ind1="0" ind2=" " tag="130"><subfield code="a">Arauto (Hayward, Calif.)</subfield></datafield><datafield ind1="1" ind2="2" tag="245"><subfield code="a">O arauto.</subfield></datafield><datafield ind1=" " ind2=" " tag="260"><subfield code="a">Hayward, Alameda County, Calif. :</subfield><subfield code="b">F.I. Lemos, J. de Menezes</subfield></datafield><datafield ind1=" " ind2=" " tag="300"><subfield code="a">v.</subfield></datafield><datafield ind1=" " ind2=" " tag="310"><subfield code="a">Weekly,</subfield><subfield code="b">Oct. 14, 1899-&lt;Oct. 20, 1906&gt;</subfield></datafield><datafield ind1=" " ind2=" " tag="321"><subfield code="a">Weekly,</subfield><subfield code="b">1896-July 1, 1899</subfield></datafield><datafield ind1=" " ind2=" " tag="321"><subfield code="a">Semiweekly,</subfield><subfield code="b">July 8-&lt;Sept. 30&gt; 1899</subfield></datafield><datafield ind1="1" ind2=" " tag="362"><subfield code="a">Ceased in 1916?</subfield></datafield><datafield ind1="0" ind2=" " tag="362"><subfield code="a">Anno [i.e. Ano] 1, no. 1 (13 de junho de 1896)-</subfield></datafield><datafield ind1=" " ind2=" " tag="500"><subfield code="a">Published at Hayward, 1896-&lt;Feb. 27, 1897&gt;; at San Francisco and Oakland, &lt;Mar. 13-Apr. 29, 1899&gt;; and at Oakland, &lt;May 13, 1899-Oct. 20, 1906&gt;.</subfield></datafield><datafield ind1=" " ind2=" " tag="500"><subfield code="a">Editors: F.I. Lemos, June 13-&lt;Oct. 3, 1896&gt;; J. de Menezes, &lt;Oct. 17, 1896&gt;-</subfield></datafield><datafield ind1=" " ind2=" " tag="515"><subfield code="a">Vol. 3, no. 1 (Aug. 2, 1900)-v. 6, no. 1 (Sept. 26, 1903) also called v. 11, no. 1-v. 14, no. 1.</subfield></datafield><datafield ind1=" " ind2=" " tag="525"><subfield code="a">Includes occasional special numbers.</subfield></datafield><datafield ind1=" " ind2=" " tag="546"><subfield code="a">In Portuguese.</subfield></datafield><datafield ind1=" " ind2="0" tag="650"><subfield code="a">Portuguese Americans</subfield><subfield code="z">California</subfield><subfield code="v">Newspapers.</subfield></datafield><datafield ind1=" " ind2="0" tag="651"><subfield code="a">Alameda County (Calif.)</subfield><subfield code="v">Newspapers.</subfield></datafield><datafield ind1=" " ind2="7" tag="655"><subfield code="a">Newspapers.</subfield><subfield code="2">fast</subfield><subfield code="0">(OCoLC)fst01423814</subfield></datafield><datafield ind1=" " ind2="7" tag="650"><subfield code="a">Portuguese Americans.</subfield><subfield code="2">fast</subfield><subfield code="0">(OCoLC)fst01072420</subfield></datafield><datafield ind1=" " ind2="7" tag="651"><subfield code="a">California.</subfield><subfield code="2">fast</subfield><subfield code="0">(OCoLC)fst01204928</subfield></datafield><datafield ind1=" " ind2="7" tag="651"><subfield code="a">California</subfield><subfield code="z">Alameda County.</subfield><subfield code="2">fast</subfield><subfield code="0">(OCoLC)fst01205577</subfield></datafield><datafield ind1="1" ind2=" " tag="700"><subfield code="a">Lemos, F. I.</subfield></datafield><datafield ind1="1" ind2=" " tag="700"><subfield code="a">Menezes, J. de.</subfield></datafield><datafield ind1=" " ind2=" " tag="752"><subfield code="a">United States</subfield><subfield code="b">California</subfield><subfield code="c">Alameda</subfield><subfield code="d">Oakland.</subfield></datafield><datafield ind1=" " ind2=" " tag="752"><subfield code="a">United States</subfield><subfield code="b">California</subfield><subfield code="c">Alameda</subfield><subfield code="d">Hayward.</subfield></datafield><datafield ind1=" " ind2=" " tag="752"><subfield code="a">United States</subfield><subfield code="b">California</subfield><subfield code="c">San Francisco</subfield><subfield code="d">San Francisco.</subfield></datafield><datafield ind1="0" ind2="0" tag="780"><subfield code="t">Amigo dos Catholicos</subfield><subfield code="w">(DLC)sn 96064479</subfield></datafield><datafield ind1="0" ind2="0" tag="785"><subfield code="t">Jornal de noti&#769;cias (San Francisco, Calif.)</subfield><subfield code="w">(DLC)sn 83045300</subfield></datafield></record>